@inproceedings{Halldorsson:2015:WGR:2746539.2746585,
    author = {Halldorsson, Magnus M. i Tonoyan, Tigran},
    title = {How Well Can Graphs Represent Wireless Interference?},
    booktitle = {Proceedings of the Forty-Seventh Annual ACM on Symposium on Theory of Computing},
    series = {STOC '15},
    year = {2015},
    isbn = {978-1-4503-3536-2},
    location = {Portland, Oregon, USA},
    pages = {635--644},
    numpages = {10},
    url = {http://doi.acm.org/10.1145/2746539.2746585},
    doi = {10.1145/2746539.2746585},
    acmid = {2746585},
    publisher = {ACM},
    address = {New York, NY, USA},
    keywords = {SINR, conflict graphs, scheduling, wireless networks},
}

@inproceedings{Kuhn:2010:BUR:1835698.1835779,
    author = {Kuhn, Fabian and Lynch, Nancy and Newport, Calvin and Oshman, Rotem and Richa, Andrea},
    title = {Broadcasting in Unreliable Radio Networks},
    booktitle = {Proceedings of the 29th ACM SIGACT-SIGOPS Symposium on Principles of Distributed Computing},
    series = {PODC '10},
    year = {2010},
    isbn = {978-1-60558-888-9},
    location = {Zurich, Switzerland},
    pages = {336--345},
    numpages = {10},
    url = {http://doi.acm.org/10.1145/1835698.1835779},
    doi = {10.1145/1835698.1835779},
    acmid = {1835779},
    publisher = {ACM},
    address = {New York, NY, USA},
    keywords = {broadcast, dual graphs, unreliable networks},
}

@inproceedings{Kuhn:2003:ANB:941079.941089,
    author = {Kuhn, Fabian and Wattenhofer, Rogert and Zollinger, Aaron},
    title = {Ad-hoc Networks Beyond Unit Disk Graphs},
    booktitle = {Proceedings of the 2003 Joint Workshop on Foundations of Mobile Computing},
    series = {DIALM-POMC '03},
    year = {2003},
    isbn = {1-58113-765-6},
    location = {San Diego, CA, USA},
    pages = {69--78},
    numpages = {10},
    url = {http://doi.acm.org/10.1145/941079.941089},
    doi = {10.1145/941079.941089},
    acmid = {941089},
    publisher = {ACM},
    address = {New York, NY, USA},
    keywords = {ad-hoc networks, face routing, flooding, geometric routing, mobile computing, modeling, unit disk graphs, wireless communication},
}

@article{DBLP:journals/corr/GudmundsdottirABFHJUV14,
    author    = {Helga Gudmundsdottir and
        Eyj{\'{o}}lfur Ingi {\'{A}}sgeirsson and
            Marijke H. L. Bodlaender and
            Joseph T. Foley and
            Magn{\'{u}}s M. Halld{\'{o}}rsson and
            Geir M. J{\"{a}}rvel{\"{a}} and
            Henning {\'{U}}lfarsson and
            Ymir Vigfusson},
    title     = {Measurement Based Interference Models for Wireless Scheduling Algorithms},
    journal   = {CoRR},
    volume    = {abs/1401.1723},
    year      = {2014},
    url       = {http://arxiv.org/abs/1401.1723},
    timestamp = {Sun, 02 Feb 2014 18:37:28 +0100},
    biburl    = {http://dblp.uni-trier.de/rec/bib/journals/corr/GudmundsdottirABFHJUV14},
    bibsource = {dblp computer science bibliography, http://dblp.org}
}


@article{DBLP:journals/corr/abs-1210-3371,
    author    = {Magn{\'{u}}s M. Halld{\'{o}}rsson and
        Stephan Holzer and
            Pradipta Mitra and
            Roger Wattenhofer},
    title     = {The Power of Non-Uniform Wireless Power},
    journal   = {CoRR},
    volume    = {abs/1210.3371},
    year      = {2012},
    url       = {http://arxiv.org/abs/1210.3371},
    timestamp = {Fri, 02 Nov 2012 16:53:00 +0100},
    biburl    = {http://dblp.uni-trier.de/rec/bib/journals/corr/abs-1210-3371},
    bibsource = {dblp computer science bibliography, http://dblp.org}
}

@article{Baccour:2012:RLQ:2240116.2240123,
    author = {Baccour, Nouha and Koub\^{a}a, Anis and Mottola, Luca and Z\'{u}\~{n}iga, Marco Antonio and Youssef, Habib and Boano, Carlo Alberto and Alves, M\'{a}rio},
    title = {Radio Link Quality Estimation in Wireless Sensor Networks: A Survey},
    journal = {ACM Trans. Sen. Netw.},
    issue_date = {September 2012},
    volume = {8},
    number = {4},
    month = sep,
    year = {2012},
    issn = {1550-4859},
    pages = {34:1--34:33},
    articleno = {34},
    numpages = {33},
    url = {http://doi.acm.org/10.1145/2240116.2240123},
    doi = {10.1145/2240116.2240123},
    acmid = {2240123},
    publisher = {ACM},
    address = {New York, NY, USA},
    keywords = {Link quality estimation, link characteristics, low-power links, wireless sensor networks},
}

@article{Reis:2006:MMD:1151659.1159921,
    author = {Reis, Charles and Mahajan, Ratul and Rodrig, Maya and Wetherall, David and Zahorjan, John},
    title = {Measurement-based Models of Delivery and Interference in Static Wireless Networks},
    journal = {SIGCOMM Comput. Commun. Rev.},
    issue_date = {October 2006},
    volume = {36},
    number = {4},
    month = aug,
    year = {2006},
    issn = {0146-4833},
    pages = {51--62},
    numpages = {12},
    url = {http://doi.acm.org/10.1145/1151659.1159921},
    doi = {10.1145/1151659.1159921},
    acmid = {1159921},
    publisher = {ACM},
    address = {New York, NY, USA},
    keywords = {RSSI, interference, modeling},
}

@article{Gupta:2006:CWN:2263214.2266070,
    author = {Gupta, P. and Kumar, P. R.},
    title = {The Capacity of Wireless Networks},
    journal = {IEEE Trans. Inf. Theor.},
    issue_date = {March 2000},
    volume = {46},
    number = {2},
    month = sep,
    year = {2006},
    issn = {0018-9448},
    pages = {388--404},
    numpages = {17},
    url = {http://dx.doi.org/10.1109/18.825799},
    doi = {10.1109/18.825799},
    acmid = {2266070},
    publisher = {IEEE Press},
    address = {Piscataway, NJ, USA},
}

@inproceedings{Moscibroda06thecomplexity,
    author = {Thomas Moscibroda and Roger Wattenhofer},
    title = { The Complexity of Connectivity in Wireless Networks},
    booktitle = {IN: PROC. OF THE 25 TH ANNUAL JOINT CONF. OF THE IEEE COMPUTER AND COMMUNICATIONS SOCIETIES (INFOCOM 2006)},
    year = {2006},
    publisher = {}
}

@inproceedings{Alzoubi:2002:MCD:513800.513820,
    author = {Alzoubi, Khaled M. and Wan, Peng-Jun and Frieder, Ophir},
    title = {Message-optimal Connected Dominating Sets in Mobile Ad Hoc Networks},
    booktitle = {Proceedings of the 3rd ACM International Symposium on Mobile Ad Hoc Networking \&Amp; Computing},
    series = {MobiHoc '02},
    year = {2002},
    isbn = {1-58113-501-7},
    location = {Lausanne, Switzerland},
    pages = {157--164},
    numpages = {8},
    url = {http://doi.acm.org/10.1145/513800.513820},
    doi = {10.1145/513800.513820},
    acmid = {513820},
    publisher = {ACM},
    address = {New York, NY, USA},
    keywords = {ad hoc networks, connected dominating set, independent set, maximal, mobility},
}

@inproceedings{Kuhn:2002:AOG:570810.570814,
    author = {Kuhn, Fabian and Wattenhofer, Rogert and Zollinger, Aaron},
    title = {Asymptotically Optimal Geometric Mobile Ad-hoc Routing},
    booktitle = {Proceedings of the 6th International Workshop on Discrete Algorithms and Methods for Mobile Computing and Communications},
    series = {DIALM '02},
    year = {2002},
    isbn = {1-58113-587-4},
    location = {Atlanta, Georgia, USA},
    pages = {24--33},
    numpages = {10},
    url = {http://doi.acm.org/10.1145/570810.570814},
    doi = {10.1145/570810.570814},
    acmid = {570814},
    publisher = {ACM},
    address = {New York, NY, USA},
    keywords = {ad-hoc networks, face routing, geometric routing, routing, unit disk graphs, wireless communication},
}

